<?xml version="1.0" encoding="UTF-8"?>
<marc:collection xmlns:marc="http://www.loc.gov/MARC21/slim"
    xmlns:xsi="http://www.w3.org/2001/XMLSchema-instance"
    xsi:schemaLocation="http://www.loc.gov/MARC21/slim http://www.loc.gov/standards/marcxml/schema/MARC21slim.xsd">
   
    <marc:record>
        <marc:leader>11111nam a2200553ui 4500</marc:leader>
        <marc:controlfield tag="001">245-test001</marc:controlfield>
        <marc:datafield tag="245" ind1="0" ind2="0">
            <marc:subfield code="a">Collection series.</marc:subfield>
            <marc:subfield code="n">50,</marc:subfield>
            <marc:subfield code="p">Shakespeare music :</marc:subfield>
            <marc:subfield code="b">love songs on the lute.</marc:subfield>
        </marc:datafield>
    </marc:record>