
    <marc:record>
        <marc:leader>11111nam a2200553ui 4500</marc:leader>
        <marc:controlfield tag="001">245-test002</marc:controlfield>
        <marc:datafield tag="245" ind1="0" ind2="0">
            <marc:subfield code="a">English historical linguistics :</marc:subfield>
            <marc:subfield code="b">an international handbook.</marc:subfield>
            <marc:subfield code="n">Volume 1 /</marc:subfield>
            <marc:subfield code="c">Alexander Bergs, Laurel J. Brinton.</marc:subfield>
        </marc:datafield>
    </marc:record>