
    <marc:record>
        <marc:leader>11111nam a2200553ui 4500</marc:leader>
        <marc:controlfield tag="001">245-test003</marc:controlfield>
        <marc:datafield tag="245" ind1="1" ind2="0">
            <marc:subfield code="a">Modern British playwriting.</marc:subfield>
            <marc:subfield code="p">The 1960s :</marc:subfield>
            <marc:subfield code="b">voices, documents, new interpretations /</marc:subfield>
            <marc:subfield code="c">Steve Nicholson.</marc:subfield>
        </marc:datafield>
    </marc:record>