
    <marc:record>
        <marc:leader>11111nam a2200553ui 4500</marc:leader>
        <marc:controlfield tag="001">245-test005</marc:controlfield>
        <marc:datafield tag="245" ind1="1" ind2="0">
            <marc:subfield code="a">Advances in visual computing :</marc:subfield>
            <marc:subfield code="b">7th International Symposium, ISVC 2011, Las Vegas, NV, USA, September 26-28, 2011, proceedings.</marc:subfield>
            <marc:subfield code="n">Part I /</marc:subfield>
            <marc:subfield code="c">George Bebis [and others] (eds.).</marc:subfield>
        </marc:datafield>
    </marc:record>