
    <marc:record>
        <marc:leader>11111nam a2200553ui 4500</marc:leader>
        <marc:controlfield tag="001">245-test006</marc:controlfield>
        <marc:datafield tag="245" ind1="0" ind2="0">
            <marc:subfield code="a">Annual report of the Minister of Supply and Service Canada under the Corporations and Labour Unions Returns Act.</marc:subfield>
            <marc:subfield code="n">Part II,</marc:subfield>
            <marc:subfield code="p">Labour unions =</marc:subfield>
            <marc:subfield code="b">Rapport annuel du ministre des Approvisionnements et services Canada présenté sous l'empire et des syndicates ouvriers.</marc:subfield>
            <marc:subfield code="n">Partie II,</marc:subfield>
            <marc:subfield code="p">Syndicats ouvriers.</marc:subfield>
        </marc:datafield>
    </marc:record>
</marc:collection>
